@online{node-git,
	author = "Flavio Copes",
	date = "2020-04-03",
	urldate = "2020-04-30",
	title = "Introduction to Node.js",
	url = "https://nodejs.dev/"
}
@online{react-handbook,
	author = "F. Copes",
	date = "2019-01-08",
	urldate = "2020-04-18",
	title = "The React Handbook",
	url = "https://www.freecodecamp.org/news/the-react-handbook-b71c27b0a795/"
}
@online{lerna,
	author = "J. George",
	date = "2019-12-15",
	urldate = "2020-04-18",
	title = "Lerna, A tool for managing JavaScript projects with multiple packages",
	url = "https://github.com/lerna/lerna/blob/master/README.md"
}